<record xmlns:xsi="http://www.w3.org/2001/XMLSchema-instance" xmlns="http://www.loc.gov/MARC21/slim" xsi:schemaLocation="http://www.loc.gov/MARC21/slim http://www.loc.gov/standards/marcxml/schema/MARC21slim.xsd">

  <leader>00660nam a2200217Ia 4500</leader>
  <controlfield tag="008">160204b1999    uk ||||| |||| 00| | spa d</controlfield>
  <datafield ind1=" " tag="020" ind2=" ">
    <subfield code="a">9507015477</subfield>
  </datafield>
  <datafield ind2=" " tag="090" ind1=" ">
    <subfield code="a">05.01.01 </subfield>
    <subfield code="b">1569</subfield>
  </datafield>
  <datafield ind1="1" ind2=" " tag="100">
    <subfield code="a">Wertsch, James V.</subfield>
    <subfield code="9">1413</subfield>
  </datafield>
  <datafield ind1="1" ind2="3" tag="245">
    <subfield code="a">La mente en acción / </subfield>
    <subfield code="c">James V. Wertsch</subfield>
  </datafield>
  <datafield tag="260" ind2=" " ind1=" ">
    <subfield code="a">Oxford : </subfield>
    <subfield code="b">University Press, </subfield>
    <subfield code="c">1999</subfield>
  </datafield>
  <datafield tag="300" ind2=" " ind1=" ">
    <subfield code="a">304 páginas</subfield>
  </datafield>
  <datafield ind1=" " ind2=" " tag="500">
    <subfield code="a">psicología cognitiva y educación / dirigida por Mario Carretero</subfield>
  </datafield>
  <datafield ind1="1" ind2="4" tag="650">
    <subfield code="a">PSICOLOGÍA</subfield>
    <subfield code="9">657</subfield>
  </datafield>
  <datafield tag="650" ind2="4" ind1="1">
    <subfield code="a">ASPECTOS PSICOLÓGICOS</subfield>
    <subfield code="9">1414</subfield>
  </datafield>
  <datafield ind1="1" tag="650" ind2="4">
    <subfield code="a">COMPORTAMIENTO</subfield>
    <subfield code="9">298</subfield>
  </datafield>
  <datafield tag="650" ind2="4" ind1="1">
    <subfield code="a">LENGUAJE </subfield>
    <subfield code="9">889</subfield>
  </datafield>
  <datafield ind2="4" tag="650" ind1="1">
    <subfield code="a">ASPECTOS SOCIALES </subfield>
    <subfield code="9">576</subfield>
  </datafield>
  <datafield ind2="4" tag="651" ind1=" ">
    <subfield code="a">ESTONIA</subfield>
    <subfield code="9">1415</subfield>
  </datafield>
  <datafield ind1=" " tag="942" ind2=" ">
    <subfield code="2">z</subfield>
    <subfield code="c">01</subfield>
  </datafield>
  <datafield tag="999" ind2=" " ind1=" ">
    <subfield code="c">345</subfield>
    <subfield code="d">345</subfield>
  </datafield>
</record>